<record><leader>00000cas a22000007a 4500</leader><controlfield tag="001">12099673</controlfield><controlfield tag="008">850531d18461849aluwr ne      0    0eng d</controlfield><datafield ind1=" " ind2=" " tag="010"><subfield code="a">sn 85044626 </subfield></datafield><datafield ind1=" " ind2=" " tag="040"><subfield code="a">CPN</subfield><subfield code="b">eng</subfield><subfield code="c">CPN</subfield><subfield code="d">OCLCQ</subfield></datafield><datafield ind1=" " ind2=" " tag="042"><subfield code="a">msc</subfield></datafield><datafield ind1="0" ind2=" " tag="130"><subfield code="a">Southern recorder (Grove Hill, Ala.)</subfield></datafield><datafield ind1="1" ind2="0" tag="245"><subfield code="a">Southern recorder.</subfield></datafield><datafield ind1=" " ind2=" " tag="260"><subfield code="a">Grove Hill, Ala. :</subfield><subfield code="b">F.A. Duval</subfield></datafield><datafield ind1=" " ind2=" " tag="300"><subfield code="a">v. ;</subfield><subfield code="c">51-53 cm.</subfield></datafield><datafield ind1=" " ind2=" " tag="310"><subfield code="a">Weekly</subfield></datafield><datafield ind1="1" ind2=" " tag="362"><subfield code="a">Began in 1846; ceased in 1849?</subfield><subfield code="z">Gregory, W. Amer. newspapers.</subfield></datafield><datafield ind1=" " ind2=" " tag="588"><subfield code="a">Description based on: Vol. 1, no. 13 (Apr. 7, 1847).</subfield></datafield><datafield ind1=" " ind2=" " tag="752"><subfield code="a">United States</subfield><subfield code="b">Alabama</subfield><subfield code="c">Clarke</subfield><subfield code="d">Grove Hill.</subfield></datafield><datafield ind1="0" ind2="0" tag="785"><subfield code="t">Grove Hill herald</subfield><subfield code="w">(DLC)sn 85044896</subfield></datafield></record>